<?xml version="1.0" encoding="UTF-8"?><collection xmlns="http://www.loc.gov/MARC21/slim"><record><leader>00466nam--2200157-u-4500</leader><controlfield tag="001">000056445</controlfield><controlfield tag="002">20161230</controlfield><controlfield tag="005">20161230201052</controlfield><controlfield tag="008">151016s1000------------r-----000-0-eng-d</controlfield><datafield ind1=" " ind2=" " tag="040"><subfield code="a">IFIN-HH</subfield></datafield><datafield ind1="1" ind2=" " tag="100"><subfield code="a">Fontani, Marco</subfield></datafield><datafield ind1="1" ind2="0" tag="245"><subfield code="a">The lost elements. the periodic table's shadow side</subfield><subfield code="c">Marco fontani, mariagrazia costa, mary virginia orna</subfield></datafield><datafield ind1=" " ind2=" " tag="260"><subfield code="a">Oxford</subfield><subfield code="b">Oxford University Press</subfield><subfield code="c">2015</subfield></datafield><datafield ind1=" " ind2=" " tag="300"><subfield code="a">XXXVII+531P</subfield></datafield><datafield ind1="1" ind2=" " tag="700"><subfield code="a">Orna, Mary Virginia</subfield></datafield><datafield ind1=" " ind2=" " tag="852"><subfield code="a">82429</subfield></datafield></record></collection>